Untuk setiap referensi, baris pertama (Newton1687) merupakan label dan baris-baris berikutnya
merupakan atribut dari referensi yang akan digunakan. Umumnya, format referensi berikut sudah
disediakan oleh penyedia sumber referensi secara online dan bisa langsung digunakan di sini.

Lihat https://www.bibtex.com/g/bibtex-format/ untuk informasi lebih lanjut mengenai format
BibTex yang digunakan pada file ini.

@article{Newton1687,
  author={I. {Newton}},
  journal={Philosophi√¶ Naturalis Principia Mathematica},
  title={Axioms or Laws of Motion},
  year={1687}}

@misc{SpaceXBlueprint,
  title={Space X Blueprint},
  year=2021,
  url={https://id.pinterest.com/pin/344032859037191430/},
  urldate={2021-01-26}}

@article{JurnalElectroLuecat,
  author={Jati Widyo {Leksono} and Agung Samudra and Nanndo Yannuansa and Ahmad Fauzi},
  journal={Jurnal Electro Luceat},
  title={KENDALI MOBIL ROBOT MENGGUNAKAN ISYARAT TANGAN
BERBASIS ARDUINO},
  year={2020}}

@misc{mediapipe,
  title={MediaPipe Hands},
  year=2021,
  url={https://google.github.io/mediapipe/solutions/hands.html#mediapipe-hands},
  urldate={2022-12-18}}

@article{ProsidingSeminarNasionalFisika,
  author={Fauzia P. {Lestari}},
  journal={Jurnal Electro Luceat},
  title={Gesture control car: mengatur gerakan mobil hanya dengan memiringkan tangan},
  year={2019}}

@book{Bukusakti,
  author     = {Priyanto {Hidayatullah}},
  editor     = {},
  publisher  = {Stunning Vision AI Academy},
  title      = {Buku Sakti Deep Learning Computer Vision Menggunakan YOLO untuk Pemula},
  year       = {2021}
}

@article{JurnalTeknikITS,
  author    ={Arya Yudhi {Wijaya} and I Wayan Suartika E. P and Rully Soelaiman},
  journal   ={Jurnal Teknik ITS Vol 5},
  title     ={Klasifikasi Citra Menggunakan Convolutional Neural Network (CNN) pada Caltech 101},
  year      ={2016}}

@article{UniversitasDinamika,
  author={Muhammad Rifki Pratama {Nautica}},
  title={Hand Gesture Detection Sebagai Alat Bantu Ajar Berhitung Menggunakan Mediapipe dan Convolutional Neural Network Secara Realtime},
  year={2022}}

@misc{Convolutionallayer,
  title={Apa itu Convolutional Neural Network?},
  year=2019,
  url={https://medium.com/@16611110/apa-itu-convolutional-neural-network-836f70b193a4},
  urldate={2022-12-18}}

@misc{LinaQ,
  author       = {Lina {Qolbiyatul}},
  url = {https://medium.com/@16611110/apa-itu-convolutional-neural-network-836f70b193a4},
  title        = {Apa itu Convolutional Neural Network?},
  year         = {2019},
  urldate={2022-12-18}}

@article{gesturtangan,
  author={Arif Ardya {Wibowo}},
  journal={Jurnal Fotografi, Televisi, Animasi, Vol 17 No 2 Oktober 2021},
  title={Gestur Tangan Manusia dalam Karya Fotografi},
  year={2022}}

@article{CNN,
  author={Agung {Perdananto}},
  journal={ICT Vol 1 No PP001-010},
  title={Penerapan Deep Learning pada Aplikasi Prediksi Penyakit Penumonia Berbasis Convolutional Neural Network},
  year={2019}}

@misc{adit,
  author       = {Adit {Desphande}},
  url = {https://adeshpande3.github.io/A-Beginner's-Guide-To-Understanding-Convolutional-Neural-Networks/},
  title        = {A Beginner's Guide To Understanding Convolutional Neural Networks},
  year         = {2016},
  urldate={2022-12-18}}

@misc{mediapipe,
  author       = {{MediaPipeDev}},
  url = {https://google.github.io/mediapipe/solutions/hands.html},
  title        = {Mediapipe Hands},
  urldate={2022-12-18}}

@book{Desainrobot,
  author     = {Hendra {Jaya}},
  editor     = {},
  publisher  = {Edukasi Mitra Grafika},
  title      = {Desain dan Implementasi Sistem Robotika Berbasis Mikrokontroler},
  year       = {2016}}

@article{mobilerobot,
  author={Francisco {Rubio} and Francisco Valero and Carlos Llopis-Albert},
  journal={International Journal of Advanced Robotic System},
  number          = {},
  title={A review of mobile robots: Concepts, methods, theoretical framework, and applications},
  volume          = {},
  year            = {2019}
}

@misc{HCI,
  author       = {Detty {Risetya}},
  url          = {https://www.ekrut.com/media/hci-adalah},
  title        = {Human Computer Interaction (HCI) : Perngertian, Pentingnya, Komponen dan Ilmu yang berhubungan},
  year         = {2022}
}

@article{invehicle,
  author          = {Nachiket {Deo} and Akshay Rangesh and Mohan Trivedi},
  journal         = {2016 IEEE 19th International Conference on Intelligent Transportation Systems (ITSC)},
  title           = {In-Vehicle Hand Gesture Recognition using Hidden Markov Models},
  year            = {2016}
}

@article{optimizer,
  author          = {Mustafa},
  title           = {Optimizer in deep learning},
  year            = {2021}
}

@article{poolilayer,
  author          = {Rita {Magdalena} and Sofia Saidah and Nor Kumalasari Caecar Pratiwi and Akbar Trisnamulya Putra},
  journal         = {Jurnal Edukasi dan Penelitian Informatika},
  number          = {3},
  title           = {{Klasifikasi Tutupan Lahan Melalui Citra Satelit SPOT-6 dengan Metode Convolutional Neural Network (CNN)}},
  volume          = {7},
  year            = {2021}
}

@article{flayenlayer,
  author          = {Irzal Ahmad {Sabilla}},
  title           = {ARSITEKTUR CONVOLUTIONAL NEURAL NETWORK (CNN) UNTUK KLASIFIKASI JENIS DAN KESEGARAN BUAH PADA NERACA BUAH},
  year            = {2021}
}

@article{konvolusilayer,
  author          = {Sarirotul {Ilahiyah}, Agung Nilogiri},
  journal         = {Jurnal Sistem dan Teknologi Informasi Indonesia},
  number          = {2},
  title           = {Implementasi Deep Learning Pada Identifikasi Jenis Tumbuhan Berdasarkan Citra Daun Menggunakan Convolutional Neural Network},
  volume          = {3},
  year            = {2018}
 }

@article{mediapipejurnal,
  author          = {Camillo {Lugaresi} and Jiuqiang Tang and Hadon Nash and Chris McClanahan and Esha Uboweja and Michael Hays and Fan Zhang and Chuo-Ling Chang, Ming Guang Yong and Juhyun Lee and Wan-Teh Chang and Wei Hua and Manfred Georg and Matthias Grundmann},
  journal         = {Google Research},
  number          = {},
  title           = {MediaPipe: A Framework for Building Perception Pipelines},
  volume          = {},
  year            = {2019}
}

@article{websocket,
  author          = {Labib Imam {Hidayat} and Adhitya Bhawiyuga and Reza Andria Siregar},
  journal         = {Jurnal Pengembangan Teknologi Informasi dan Ilmu Komputer},
  number          = {6},
  title           = {Implementasi Protokol Websocket Pada Perangkat Non IP Berbasis NRF24L01 (Studi Kasus: Sistem Monitoring Suhu dan Kontroling Lampu LED)},
  volume          = {2},
  year            = {2018}
}

@article{hyperparameter,
  author          = {Vivian Alfionita {Sutama} and Suryo Adhi Wibowo and Rissa Rahmania},
  journal         = {Jurnal Ilmiah FIFO},
  number          = {1},
  title           = {Investigasi Pengaruh Step Training pada Metode Single Shot Multibox Detector untuk Marker dalam Teknologi Augmented Reality},
  volume          = {12},
  year            = {2020}
}

@article{batchsize,
  author          = {Naim {Rochmawati} and Hanik Badriyah Hidayati and Yuni Yamasari and Hapsari Peni Agustin Tjahyaningtijas and Wiyli Yustanti and Agus Prihanto},
  journal         = {Journal Information Engineering and Educational Technology},
  number          = {2},
  title           = {Analisa Learning rate dan Batch size Pada Klasifikasi Covid Menggunakan Deep learning dengan Optimizer Adam},
  volume          = {5},
  year            = {2021}
}

@phdthesis{precision,
  author      = {Yusuf Umar {Hanafi}},
  school      = {Institut Teknologi Sepuluh Nopember},
  title       = {DETEKSI PENGGUNAAN HELM PADA PENGENDARA BERMOTOR BERBASIS DEEP LEARNING},
  year        = {2022}
}

@mastersthesis{akurasi,
  author  = {Irzal Ahmad {Sabilla}},
  school  = {Institut Teknologi Sepuluh Nopember},
  title   = {ARSITEKTUR CONVOLUTIONAL NEURAL NETWORK (CNN) UNTUK KLASIFIKASI JENIS DAN KESEGARAN BUAH PADA NERACA BUAH},
  year    = {2020}
}

@article{convolusi,
  author          = {Anirudha {Ghosh} and Abu Sufian and Farhana Sultana and Amlan Chakrabarti and Debashis De},
  journal         = {},
  number          = {},
  title           = {Fundamental Concepts of Convolutional Neural Network},
  volume          = {},
  year            = {2020}
}

@article{kukuh,
  author          = {Kukuh Darmawan {Setyanto} and Ike Fibriani and Sumardi},
  journal         = {Jurnal Arus Elektro Indonesia (JAEI)},
  number          = {},
  title           = {PENGENDALIAN MOBILE ROBOT VISION MENGGUNAKAN WEBCAM PADA OBJEK ARAH PANAH BERBASIS RASPBERRY PI},
  volume          = {},
  year            = {2016}
}

@article{robotberodacnn,
  author          = {Habib Astari {Adi} and Ika Candradewi},
  journal         = {Indonesian Journal of Electronics and Instrumentation Systems (IJEIS)},
  number          = {2},
  title           = {Sistem Pengenal Isyarat Tangan Untuk Mengendalikan Gerakan Robot Beroda menggunakan Convolutional Neural Network},
  volume          = {9},
  year            = {2019}
}

@article{airobotvehicle,
  author          = {Vidhi Kalpesh {Sheth} and Bhakti Kiran Rathod and Vrushali Kalpesh Sheth and Kranti Vithal Ghag},
  journal         = {International Journal of Engineering Research and Technology (IJERT)},
  number          = {6},
  title           = {AI Power Hand Gesture Control Vehicle},
  volume          = {9},
  year            = {2020}
}